<collection xmlns="http://www.loc.gov/MARC21/slim">
<record>
  <leader>01570nam0a2200229 i 450 </leader>
  <controlfield tag="001">IT\ICCU\CNCE\053243</controlfield>
  <controlfield tag="005">20090831000000.0</controlfield>
  <datafield tag="012" ind1=" " ind2=" ">
    <subfield code="a">I.o- cui. umat neue (3) 1599 (R)</subfield>
    <subfield code="2">fei</subfield>
  </datafield>
  <datafield tag="100" ind1=" " ind2=" ">
    <subfield code="a">20021010d1599        0itac0103    ba</subfield>
  </datafield>
  <datafield tag="101" ind1=" " ind2=" ">
    <subfield code="a">LAT</subfield>
  </datafield>
  <datafield tag="102" ind1=" " ind2=" ">
    <subfield code="a">IT</subfield>
  </datafield>
  <datafield tag="200" ind1="1" ind2=" ">
    <subfield code="a">Decisionum perillustris Rotae Genuensis; collectanea fidelissima. Continentia eas decisiones, quae ex varijs causarum generibus in ipsa discussis &amp; firmatis, a prudentissimis i.c. eiusdem Rotae auditoribus integerrimis diuersis temporibus emanarunt. In quibus ea praesertim tractata et discussa sunt, quae ad mercaturam, cum dependentibus ab ea, quam vtilissime conferunt, ita vt nil clarius et vtilius desiderari possit, quod ad mercatorum instructionem, eamque negotiationem exercere volentium faciat. Summariis, et indice vt locupletissimo, ita &amp; vtilissimo, serieque alphabetica digesto appositis</subfield>
  </datafield>
  <datafield tag="210" ind1=" " ind2=" ">
    <subfield code="a">Venetiis</subfield>
    <subfield code="c">apud Baretium Baretium</subfield>
    <subfield code="d">&amp; socios</subfield>
    <subfield code="d">1599</subfield>
  </datafield>
  <datafield tag="215" ind1=" " ind2=" ">
    <subfield code="a">\2!, 270, 54 c.</subfield>
    <subfield code="d">fol</subfield>
  </datafield>
  <datafield tag="620" ind1=" " ind2=" ">
    <subfield code="a">IT</subfield>
    <subfield code="d">Venezia</subfield>
  </datafield>
  <datafield tag="710" ind1="0" ind2="2">
    <subfield code="a">Genova</subfield>
    <subfield code="c"> &lt;Repubblica&gt;</subfield>
    <subfield code="b"> : Rota</subfield>
    <subfield code="3">IT\ICCU\CNCA\016667</subfield>
  </datafield>
  <datafield tag="712" ind1="0" ind2="0">
    <subfield code="a">Barezzi, Barezzo &amp; C.</subfield>
    <subfield code="3">IT\ICCU\CNCT\002850</subfield>
    <subfield code="4">650</subfield>
  </datafield>
  <datafield tag="791" ind1="0" ind2="2">
    <subfield code="a">Rota Genuensis</subfield>
    <subfield code="3">19863</subfield>
    <subfield code="z">Genova &lt;Repubblica&gt; : Rota</subfield>
  </datafield>
  <datafield tag="801" ind1=" " ind2="3">
    <subfield code="a">IT</subfield>
    <subfield code="b">ICCU</subfield>
    <subfield code="c">20201115</subfield>
  </datafield>
  <datafield tag="899" ind1=" " ind2=" ">
    <subfield code="a">Biblioteca nazionale centrale. Roma</subfield>
    <subfield code="1">RM0267</subfield>
    <subfield code="2">BVE CR</subfield>
  </datafield>
  <datafield tag="911" ind1=" " ind2=" ">
    <subfield code="a">Sul front.</subfield>
    <subfield code="9">IT\ICCU\CNCM\000612</subfield>
  </datafield>
  <datafield tag="921" ind1=" " ind2=" ">
    <subfield code="a">IT\ICCU\CNCM\000612</subfield>
    <subfield code="b">Serpente tra  le fiamme che morde una mano uscente dalle nuvole. In cornice figurata.</subfield>
    <subfield code="e">Si deus pro nobis quis contra nos.</subfield>
    <subfield code="c">V266</subfield>
    <subfield code="d">Dimensioni: 6 x 7,2</subfield>
    <subfield code="f">FIAMME</subfield>
    <subfield code="f">MANO</subfield>
    <subfield code="f">NUVOLE</subfield>
    <subfield code="f">SERPENTE</subfield>
    <subfield code="f">SIDEUSPRON</subfield>
    <subfield code="g">1591-1600</subfield>
  </datafield>
</record>
</collection>
